@article{borji2013state,
	title={State-of-the-art in visual attention modeling},
	author={Borji, Ali and Itti, Laurent},
	journal={IEEE transactions on pattern analysis and machine intelligence},
	volume={35},
	number={1},
	pages={185--207},
	year={2013},
	publisher={IEEE}
}

@article{xia2016bottom,
	title={Bottom--up visual saliency estimation with deep autoencoder-based sparse reconstruction},
	author={Xia, Chen and Qi, Fei and Shi, Guangming},
	journal={IEEE transactions on neural networks and learning systems},
	volume={27},
	number={6},
	pages={1227--1240},
	year={2016},
	publisher={IEEE}
}

@article{bylinskii2016different,
	title={What do different evaluation metrics tell us about saliency models?},
	author={Bylinskii, Zoya and Judd, Tilke and Oliva, Aude and Torralba, Antonio and Durand, Fr{\'e}do},
	journal={arXiv preprint arXiv:1604.03605},
	year={2016}
}

@article{borji2015cat2000,
	title={Cat2000: A large scale fixation dataset for boosting saliency research},
	author={Borji, Ali and Itti, Laurent},
	journal={arXiv preprint arXiv:1505.03581},
	year={2015}
}

@article{gers1999learning,
	title={Learning to forget: Continual prediction with LSTM},
	author={Gers, Felix A and Schmidhuber, J{\"u}rgen and Cummins, Fred},
	year={1999},
	publisher={IET}
}

@book{nielsen2015neural,
	title={Neural networks and deep learning},
	author={Nielsen, Michael A},
	year={2015},
	publisher={Determination Press}
}

@article{mnih2013playing,
	title={Playing atari with deep reinforcement learning},
	author={Mnih, Volodymyr and Kavukcuoglu, Koray and Silver, David and Graves, Alex and Antonoglou, Ioannis and Wierstra, Daan and Riedmiller, Martin},
	journal={arXiv preprint arXiv:1312.5602},
	year={2013}
}

@inproceedings{cornia2016deep,
	title={A deep multi-level network for saliency prediction},
	author={Cornia, Marcella and Baraldi, Lorenzo and Serra, Giuseppe and Cucchiara, Rita},
	booktitle={Pattern Recognition (ICPR), 2016 23rd International Conference on},
	pages={3488--3493},
	year={2016},
	organization={IEEE}
}

@article{cornia2016predicting,
	title={Predicting human eye fixations via an LSTM-based saliency attentive model},
	author={Cornia, Marcella and Baraldi, Lorenzo and Serra, Giuseppe and Cucchiara, Rita},
	journal={arXiv preprint arXiv:1611.09571},
	year={2016}
}

@inproceedings{ramanishka2017top,
	title={Top-down visual saliency guided by captions},
	author={Ramanishka, Vasili and Das, Abir and Zhang, Jianming and Saenko, Kate},
	booktitle={Proceedings of the IEEE Conference on Computer Vision and Pattern Recognition (CVPR)},
	volume={1},
	number={2},
	pages={7},
	year={2017}
}

@inproceedings{gao2013hierarchical,
	title={A hierarchical visual saliency model for character detection in natural scenes},
	author={Gao, Renwu and Shafait, Faisal and Uchida, Seiichi and Feng, Yaokai},
	booktitle={International Workshop on Camera-Based Document Analysis and Recognition},
	pages={18--29},
	year={2013},
	organization={Springer}
}

@article{itti2001computational,
	title={Computational modelling of visual attention},
	author={Itti, Laurent and Koch, Christof},
	journal={Nature reviews neuroscience},
	volume={2},
	number={3},
	pages={194},
	year={2001},
	publisher={Nature Publishing Group}
}

@book{gregory1974concepts,
	title={Concepts and mechanisms of perception.},
	author={Gregory, Richard Langton},
	year={1974},
	publisher={Charles Scribner's Sons}
}

@book{goldstein2008blackwell,
	title={The Blackwell handbook of sensation and perception},
	author={Goldstein, E Bruce},
	year={2008},
	publisher={John Wiley \& Sons}
}

@inproceedings{block_importance,
	author = "Ruihua Song, Haifeng Liu, Ji-Rong Wen, and Wei-Ying Ma",
	title = " Learning block importance models for web pages",
	booktitle = "Proceedings of the 13th international conference on World Wide Web (WWW '04)",
	year = "2004",
	address = "New York, USA",
	pages = "203-211"
}

@Article{SVM,
	author="Cortes C., and Vapnik V.",
	title="Support-vector networks",
	journal="Machine Learning",
	year="1995",
	volume="20",
	number="3",
	pages="273--297",
	issn="1573-0565"
}

@Inbook{Saliency,
	author="Shen, Chengyao
	and Zhao, Qi",
	title="Webpage Saliency",
	bookTitle="Computer Vision -- ECCV 2014: 13th European Conference, Zurich, Switzerland, September 6-12, 2014, Proceedings, Part VII",
	year="2014",
	publisher="Springer International Publishing",
	address="Cham",
	pages="33--46",
	isbn="978-3-319-10584-0"
}

@article{minhas2012multiple,
	title={Multiple instance learning of Calmodulin binding sites},
	author={Minhas, Fayyaz ul Amir Afsar and Ben-Hur, Asa},
	journal={Bioinformatics},
	volume={28},
	number={18},
	pages={i416--i422},
	year={2012},
	publisher={Oxford University Press}
}

@article{liu2016improving,
	title={Improving visual saliency computing with emotion intensity},
	author={Liu, Huiying and Xu, Min and Wang, Jinqiao and Rao, Tianrong and Burnett, Ian},
	journal={IEEE transactions on neural networks and learning systems},
	volume={27},
	number={6},
	pages={1201--1213},
	year={2016},
	publisher={IEEE}
}

@article{MKL,
	title={Multiple kernel learning algorithms},
	author={G{\"o}nen, Mehmet and Alpayd{\i}n, Ethem},
	journal={Journal of Machine Learning Research},
	volume={12},
	number={Jul},
	pages={2211--2268},
	year={2011}
}

@article{psych,
	title={The psychophysics toolbox},
	author={Brainard, David H},
	journal={Spatial vision},
	volume={10},
	pages={433--436},
	year={1997}
}

@book{neuron,
	author = "Kvasnička V. a kol.",
	title = "Úvod do teórie neurónových sietí",
	publisher = "Iris",
	year = 1997,
	address = Bratislava
}

@article{feedforward,
	title={Introduction to multi-layer feed-forward neural networks},
	author={Svozil, Daniel and Kvasnicka, Vladimir and Pospichal, Jiri},
	journal={Chemometrics and intelligent laboratory systems},
	volume={39},
	pages={43--62},
	year={1997},
	publisher={Elsevier}
}

@inproceedings{80-10-10,
	title={ROC-ConCert: ROC-based measurement of consistency and certainty},
	author={Powers, David MW},
	booktitle={Engineering and Technology (S-CET), 2012 Spring Congress on},
	pages={1--4},
	year={2012},
	organization={IEEE}
}

@article{rnn_handwriting,
	title={A novel connectionist system for unconstrained handwriting recognition},
	author={Graves, Alex and Liwicki, Marcus and Fern{\'a}ndez, Santiago and Bertolami, Roman and Bunke, Horst and Schmidhuber, J{\"u}rgen},
	journal={IEEE transactions on pattern analysis and machine intelligence},
	volume={31},
	number={5},
	pages={855--868},
	year={2009},
	publisher={IEEE}
}

@inproceedings{rnn_speech,
	title={Long short-term memory recurrent neural network architectures for large scale acoustic modeling.},
	author={Sak, Hasim and Senior, Andrew W and Beaufays, Fran{\c{c}}oise},
	booktitle={INTERSPEECH},
	pages={338--342},
	year={2014}
}

@inproceedings{image_description,
	title={Deep visual-semantic alignments for generating image descriptions},
	author={Karpathy, Andrej and Fei-Fei, Li},
	booktitle={Proceedings of the IEEE Conference on Computer Vision and Pattern Recognition},
	pages={3128--3137},
	year={2015}
}

% zdroj na webe
@misc{cnn_blog,
	author = "Denny Britz ",
	title = "UNDERSTANDING CONVOLUTIONAL NEURAL NETWORKS FOR NLP",
	howpublished = "\url{http://www.wildml.com/2015/11/understanding-convolutional-neural-networks-for-nlp/}"
}

@article{google_car,
	title={End to End Learning for Self-Driving Cars},
	author={Bojarski, Mariusz and Del Testa, Davide and Dworakowski, Daniel and Firner, Bernhard and Flepp, Beat and Goyal, Prasoon and Jackel, Lawrence D and Monfort, Mathew and Muller, Urs and Zhang, Jiakai and others},
	journal={arXiv preprint arXiv:1604.07316},
	year={2016}
}

@misc{cnn_cucumber,
	author = "Kaz Sato",
	title = "How a Japanese cucumber farmer is using deep learning and TensorFlow",
	howpublished = "\url{https://cloud.google.com/blog/big-data/2016/08/how-a-japanese-cucumber-farmer-is-using-deep-learning-and-tensorflow}"
}

@book{modern_neuron,
	title={Discrete mathematics of neural networks: selected topics},
	author={Anthony, Martin},
	volume={8},
	year={2001},
	publisher={Siam}
}

@article{gradient_descent,
	title={An overview of gradient descent optimization algorithms},
	author={Ruder, Sebastian},
	journal={arXiv preprint arXiv:1609.04747},
	year={2016}
}

@article{rms,
	title={Lecture 6.5-rmsprop: Divide the gradient by a running average of its recent magnitude},
	author={Tieleman, Tijmen and Hinton, Geoffrey},
	journal={COURSERA: Neural Networks for Machine Learning},
	volume={4},
	number={2},
	year={2012}
}

@article{adam,
	title={Adam: A method for stochastic optimization},
	author={Kingma, Diederik and Ba, Jimmy},
	journal={arXiv preprint arXiv:1412.6980},
	year={2014}
}

@article{adadelta,
	title={ADADELTA: an adaptive learning rate method},
	author={Zeiler, Matthew D},
	journal={arXiv preprint arXiv:1212.5701},
	year={2012}
}

@article{adagrad,
	title={Adaptive subgradient methods for online learning and stochastic optimization},
	author={Duchi, John and Hazan, Elad and Singer, Yoram},
	journal={Journal of Machine Learning Research},
	volume={12},
	number={Jul},
	pages={2121--2159},
	year={2011}
}

@misc{cs231n,
	title={CS231n: Convolutional neural networks for visual recognition},
	author={Li, Fei-Fei and Karpathy, Andrej and Johnson, J},
	year={2015}
}

@inproceedings{DOM,
	title={Integrating the document object model with hyperlinks for enhanced topic distillation and information extraction},
	author={Chakrabarti, Soumen},
	booktitle={Proceedings of the 10th international conference on World Wide Web},
	pages={211--220},
	year={2001},
	organization={ACM}
}

@article{vips,
	title={VIPS: A vision-based page segmentation algorithm},
	author={Cai, Deng and Yu, Shipeng and Wen, Ji-Rong and Ma, Wei-Ying},
	year={2003}
}

@incollection{unsupervised,
	title={Unsupervised learning},
	author={Hastie, Trevor and Tibshirani, Robert and Friedman, Jerome},
	booktitle={The elements of statistical learning},
	pages={485--585},
	year={2009},
	publisher={Springer}
}

@article{itti2007visual,
	title={Visual salience},
	author={Itti, Laurent},
	journal={Scholarpedia},
	volume={2},
	number={9},
	pages={3327},
	year={2007}
}

@misc {polatsek,
	author={Patrik Polatsek},
	Institution = {Slovenská technická univerzita},
	Howpublished = {Prezentácia},
	Title = {Saliency maps},
	year={2015}
	}
	
@inproceedings{metriky,
	title={Analysis of scores, datasets, and models in visual saliency prediction},
	author={Borji, Ali and Tavakoli, Hamed R and Sihite, Dicky N and Itti, Laurent},
	booktitle={Proceedings of the IEEE international conference on computer vision},
	pages={921--928},
	year={2013}
}

@inproceedings{itti,
	title={A hierarchical visual saliency model for character detection in natural scenes},
	author={Gao, Renwu and Shafait, Faisal and Uchida, Seiichi and Feng, Yaokai},
	booktitle={International Workshop on Camera-Based Document Analysis and Recognition},
	pages={18--29},
	year={2013},
	organization={Springer}
}

@inproceedings{ftrl,
	title={Ad click prediction: a view from the trenches},
	author={McMahan, H Brendan and Holt, Gary and Sculley, David and Young, Michael and Ebner, Dietmar and Grady, Julian and Nie, Lan and Phillips, Todd and Davydov, Eugene and Golovin, Daniel and others},
	booktitle={Proceedings of the 19th ACM SIGKDD international conference on Knowledge discovery and data mining},
	pages={1222--1230},
	year={2013},
	organization={ACM}
}

@mastersthesis{bc_thesis,
	author={Mária Dragúňová},
	title     = {Vyhodnocovanie používateľského zážitku analýzou pohľadu a emócií},
	school    = "Bratislava: FIIT STU",
	year      = "2016",
	type     = "Bachelor thesis",
	
}

@article{singapur_model,
	title={Predicting eye fixations on webpage with an ensemble of early features and high-level representations from deep network},
	author={Shen, Chengyao and Huang, Xun and Zhao, Qi},
	journal={IEEE Transactions on Multimedia},
	volume={17},
	number={11},
	pages={2084--2093},
	year={2015},
	publisher={IEEE}
}


@inproceedings{PDOC,
	title={Extracting semantic structure of web documents using content and visual information},
	author={Mehta, Rupesh R and Mitra, Pabitra and Karnick, Harish},
	booktitle={Special interest tracks and posters of the 14th international conference on World Wide Web},
	pages={928--929},
	year={2005},
	organization={ACM}
}

@article{dropout,
	title={Dropout: a simple way to prevent neural networks from overfitting.},
	author={Srivastava, Nitish and Hinton, Geoffrey E and Krizhevsky, Alex and Sutskever, Ilya and Salakhutdinov, Ruslan},
	journal={Journal of Machine Learning Research},
	volume={15},
	number={1},
	pages={1929--1958},
	year={2014}
}

@article{autoencoder_nlp,
	title={A hierarchical neural autoencoder for paragraphs and documents},
	author={Li, Jiwei and Luong, Minh-Thang and Jurafsky, Dan},
	journal={arXiv preprint arXiv:1506.01057},
	year={2015}
}

@article{autoencoder_artur,
	title={Convolutional autoencoder for saliency dectection: enforcing sharp boundary using edge contrast penalty},
	author={Arthur, Meyer},
	year={2017}
}

@article{autoencoder_dimensionality,
	title={Reducing the dimensionality of data with neural networks},
	author={Hinton, Geoffrey E and Salakhutdinov, Ruslan R},
	journal={science},
	volume={313},
	number={5786},
	pages={504--507},
	year={2006},
	publisher={American Association for the Advancement of Science}
}

@article{autoencoder_denoising,
	title={Stacked denoising autoencoders: Learning useful representations in a deep network with a local denoising criterion},
	author={Vincent, Pascal and Larochelle, Hugo and Lajoie, Isabelle and Bengio, Yoshua and Manzagol, Pierre-Antoine},
	journal={Journal of machine learning research},
	volume={11},
	number={Dec},
	pages={3371--3408},
	year={2010}
}

@article{vgg_net,
	title={Very deep convolutional networks for large-scale image recognition},
	author={Simonyan, Karen and Zisserman, Andrew},
	journal={arXiv preprint arXiv:1409.1556},
	year={2014}
}

@inproceedings{dut-omron,
	title={Saliency detection via graph-based manifold ranking},
	author={Yang, Chuan and Zhang, Lihe and Lu, Huchuan, Ruan, Xiang and Yang, Ming-Hsuan},
	booktitle={Computer Vision and Pattern Recognition (CVPR), 2013 IEEE Conference on},
	pages={3166--3173},
	year={2013},
	organization={IEEE}
}

@article{transfer_learning,
	title={Spring research presentation: A theoretical foundation for inductive transfer},
	author={West, Jeremy and Ventura, Dan and Warnick, Sean},
	journal={Brigham Young University, College of Physical and Mathematical Sciences},
	volume={1},
	pages={32},
	year={2007}
}

@misc{transfer_learning_approaches,
	title={A gentle introduction to transfer learning for deep learning},
	author={Brownlee, J}
	year={2017}
}

@inproceedings{salicon_semantic_gap,
	title={Salicon: Reducing the semantic gap in saliency prediction by adapting deep neural networks},
	author={Huang, Xun and Shen, Chengyao and Boix, Xavier and Zhao, Qi},
	booktitle={Proceedings of the IEEE International Conference on Computer Vision},
	pages={262--270},
	year={2015}
}

@inproceedings{alexnet,
	title={Imagenet classification with deep convolutional neural networks},
	author={Krizhevsky, Alex and Sutskever, Ilya and Hinton, Geoffrey E},
	booktitle={Advances in neural information processing systems},
	pages={1097--1105},
	year={2012}
}

@article{vgg16,
	title={Very deep convolutional networks for large-scale image recognition},
	author={Simonyan, Karen and Zisserman, Andrew},
	journal={arXiv preprint arXiv:1409.1556},
	year={2014}
}

@inproceedings{googlenet,
	title={Going deeper with convolutions},
	author={Szegedy, Christian and Liu, Wei and Jia, Yangqing and Sermanet, Pierre and Reed, Scott and Anguelov, Dragomir and Erhan, Dumitru and Vanhoucke, Vincent and Rabinovich, Andrew},
	booktitle={Proceedings of the IEEE conference on computer vision and pattern recognition},
	pages={1--9},
	year={2015}
}